<?xml version="1.0" encoding="utf-8"?>
<record xmlns="http://www.loc.gov/MARC21/slim" xmlns:xsi="http://www.w3.org/2001/XMLSchema-instance" xsi:schemaLocation="http://www.loc.gov/MARC21/slim http://www.loc.gov/standards/marcxml/schema/MARC21slim.xsd">
	<leader>     nam a22     Mi 4500</leader>
	<controlfield tag="001">b12458351</controlfield>
	<controlfield tag="003">LeBAU</controlfield>
	<controlfield tag="006">m        d        </controlfield>
	<controlfield tag="007">cr cn |||m|||a</controlfield>
	<controlfield tag="008">210422s1930    le      o     ||0 0 ara d</controlfield>
	<datafield ind1=" " ind2=" " tag="040">
		<subfield code="a">ZYU</subfield>
		<subfield code="b">ara</subfield>
		<subfield code="e">rda</subfield>
		<subfield code="c">ZYU</subfield>
	</datafield>
	<datafield ind1="0" ind2="4" tag="082">
		<subfield code="a">370.71</subfield>
		<subfield code="2">23</subfield>
	</datafield>
	<datafield ind1="1" ind2=" " tag="110">
		<subfield code="6">880-01</subfield>
		<subfield code="a">Lebanon.</subfield>
		<subfield code="b">Wizārat al-Tarbiyah al-Waṭanīyah wa-al-Funūn al-Jamīlah.</subfield>
		<subfield code="e">issuing body.</subfield>
		<subfield code="0">https://lccn.loc.gov/n82039980 ,</subfield>
	</datafield>
	<datafield ind1="1" ind2="0" tag="240">
		<subfield code="6">880-02</subfield>
		<subfield code="a">Laws, etc.</subfield>
	</datafield>
	<datafield ind1="1" ind2="0" tag="245">
		<subfield code="6">880-03</subfield>
		<subfield code="a">Marsūm raqm 1825 tārīkh Nīsān 1933 :</subfield>
		<subfield code="b">yakhṭaṣṣu bi-inshāʼ farʻ li-takhrīj muʻallimīn wa-muʻallimāt wa-bi-ṭanẓīm fuḥūṣ al-shahādah al-taʻlīmīyah al-Lubnānīyah  ; Minhāj farʻ takhrīj al-muʻallimīn wa-muʻallimāt wa-al-shahādah al-taʻlīmīyah lil-sanatayn al-ūlá wa-al-thāniyah wa-lil-qismayn al-awwal wa-al-thānī al-mulḥaq bi-al-marsūm raqam 1825 tārīkh 22 Nīsān 1933 /</subfield>
		<subfield code="c">al-Jumhūrīyah al-Lubnānīyah, Wizārat al-Maʻārif al-ʻĀmmah wa-al-Funūn al-Jamīlah.</subfield>
	</datafield>
	<datafield ind1=" " ind2="0" tag="246">
		<subfield code="6">880-04</subfield>
		<subfield code="a">Minhāj farʻ takhrīj al-muʻallimīn wa-muʻallimāt wa-al-shahādah al-taʻlīmīyah</subfield>
	</datafield>
	<datafield ind1=" " ind2="1" tag="264">
		<subfield code="6">880-05</subfield>
		<subfield code="a">Bayrūt :</subfield>
		<subfield code="b">Maṭbaʻat al-Dabbūr,</subfield>
		<subfield code="c">1933.</subfield>
	</datafield>
	<datafield ind1=" " ind2=" " tag="300">
		<subfield code="6">880-06</subfield>
		<subfield code="a">online resource (38 pages)</subfield>
	</datafield>
	<datafield ind1=" " ind2=" " tag="336">
		<subfield code="a">text</subfield>
		<subfield code="2">rdacontent</subfield>
	</datafield>
	<datafield ind1=" " ind2=" " tag="337">
		<subfield code="a">computer</subfield>
		<subfield code="2">rdamedia</subfield>
	</datafield>
	<datafield ind1=" " ind2=" " tag="338">
		<subfield code="a">online resource</subfield>
		<subfield code="2">rdacarrier</subfield>
	</datafield>
	<datafield ind1=" " ind2=" " tag="500">
		<subfield code="a">ورد منهاج فرع تخريج المعلمين والمعلمات والشهادة التعليمية للسنتين الأولى والثانية وللقسمين الأول والثاني كملحق بالمرسوم رقم 1825 تاريخ 22 نيسان 1933.</subfield>
	</datafield>
	<datafield ind1=" " ind2=" " tag="500">
		<subfield code="a">Part of the Arabic Collections Online (ACO) project, contributed by American University of Beirut's Jafet Memorial Library.</subfield>
	</datafield>
	<datafield ind1=" " ind2=" " tag="533">
		<subfield code="a">Electronic reproduction.</subfield>
		<subfield code="b">New York, N.Y. :</subfield>
		<subfield code="c">New York University,</subfield>
		<subfield code="d">2021.</subfield>
		<subfield code="5">NNU</subfield>
	</datafield>
	<datafield ind1=" " ind2="4" tag="650">
		<subfield code="a">المعلمون</subfield>
		<subfield code="x">تدريب</subfield>
		<subfield code="z">لبنان.</subfield>
	</datafield>
	<datafield ind1=" " ind2="4" tag="650">
		<subfield code="a">التربية</subfield>
		<subfield code="x">الدرس والتدريس</subfield>
		<subfield code="z">لبنان.</subfield>
	</datafield>
	<datafield ind1=" " ind2="0" tag="650">
		<subfield code="a">Teachers</subfield>
		<subfield code="x">Training of</subfield>
		<subfield code="z">Lebanon.</subfield>
	</datafield>
	<datafield ind1=" " ind2="0" tag="650">
		<subfield code="a">Education</subfield>
		<subfield code="x">Study and teaching</subfield>
		<subfield code="z">Lebanon.</subfield>
	</datafield>
	<datafield ind1="2" ind2=" " tag="710">
		<subfield code="a">Jafet Memorial Library.</subfield>
	</datafield>
	<datafield ind1="0" ind2=" " tag="730">
		<subfield code="a">Arabic Collections Online.</subfield>
	</datafield>
	<datafield ind1="0" ind2="8" tag="776">
		<subfield code="i">Print version:</subfield>
		<subfield code="a">Lebanon. Wizārat al-Tarbiyah al-Waṭanīyah wa-al-Funūn al-Jamīlah. issuing body. https://lccn.loc.gov/n82039980 ,</subfield>
		<subfield code="t">Marsūm raqm 1825 tārīkh Nīsān 1933</subfield>
		<subfield code="w">(LeBAU)b12458351</subfield>
	</datafield>
	<datafield ind1="4" ind2="0" tag="856">
		<subfield code="u">http://hdl.handle.net/2333.1/2jm6483x</subfield>
	</datafield>
	<datafield ind1="1" ind2=" " tag="880">
		<subfield code="6">110-01</subfield>
		<subfield code="a">لبنان.</subfield>
		<subfield code="b">وزارة التربية الوطنية والفنون الجميلة،</subfield>
		<subfield code="0">https://lccn.loc.gov/n82039980 ,</subfield>
		<subfield code="e">هيئة اصدار. </subfield>
		<subfield code="4">isb.</subfield>
	</datafield>
	<datafield ind1="1" ind2="0" tag="880">
		<subfield code="6">240-02</subfield>
		<subfield code="a">قوانين، إلخ.</subfield>
	</datafield>
	<datafield ind1=" " ind2="3" tag="880">
		<subfield code="6">246-03</subfield>
		<subfield code="a">منهاج فرع تخريج المعلمين والمعلمات والشهادة التعليمية </subfield>
	</datafield>
	<datafield ind1="1" ind2="0" tag="880">
		<subfield code="6">245-04</subfield>
		<subfield code="a">مرسوم رقم 1825 تاريخ 22 نيسان  1933 :</subfield>
		<subfield code="b">يختص بإنشاء فرع لتخريج معلمين ومعلمات وبتنظيم فحوص الشهادة التعليمية اللبنانية ؛ منهاج فرع تخريج المعلمين والمعلمات والشهادة التعليمية للسنتين الأولى والثانية وللقسمين الأول والثاني الملحق بالمرسوم رقم 1825 تاريخ 22 نيسان 1933 /</subfield>
		<subfield code="c">الجمهورية اللبنانية، وزارة المعارف العامة والفنون الجميلة.</subfield>
	</datafield>
	<datafield ind1=" " ind2="1" tag="880">
		<subfield code="6">264-05</subfield>
		<subfield code="a">بيروت :</subfield>
		<subfield code="b">مطبعة الدبور،</subfield>
		<subfield code="c">1933.</subfield>
	</datafield>
	<datafield ind1=" " ind2=" " tag="880">
		<subfield code="6">300-06</subfield>
		<subfield code="a">38 صفحة ؛</subfield>
		<subfield code="c">24 سم</subfield>
	</datafield>
	<datafield ind1=" " ind2=" " tag="959">
		<subfield code="a">NNU</subfield>
		<subfield code="b">WEB</subfield>
		<subfield code="c">GENI</subfield>
		<subfield code="t">0</subfield>
		<subfield code="m">Electronic access</subfield>
		<subfield code="s">01</subfield>
	</datafield>
	<datafield ind1=" " ind2=" " tag="999">
		<subfield code="i">LeBAU_b12458351</subfield>
		<subfield code="s">aub_aco004145</subfield>
		<subfield code="e">(ERROR-MISC)</subfield>
	</datafield>
</record>
